@article{ref_article1,
  author = {First Author},
  title = {Article Title},
  journal = {Journal},
  year = 2016,
  volume = 2,
  number = 5,
  pages = {99--110}
}

@inproceedings{ref_lncs1,
  author = {First Author and Second Author},
  editor = {First Editor and Second Editor},
  title = {Title of a Proceedings Paper},
  booktitle = {CONFERENCE 2016},
  series = {LNCS},
  year = 2016,
  volume = 9999,
  pages = {1--13},
  doi = {10.10007/1234567890},
  publisher = {Springer},
  address = {Heidelberg}
}

@book{ref_book1,
  author = {First Author and Second Author and Third Author},
  title = {Book Title},
  edition = {2nd},
  year = 1999,
  publisher = {Publisher},
  address = {Location}
}

@inproceedings{ref_proc1,
  author = {Alice-Bob Author},
  title = {Contribution Title},
  booktitle = {9th International Proceedings on Proceedings},
  year = 2010,
  pages = {1--2},
  publisher = {Publisher},
  address = {Location}
}

@misc{ref_url1,
  author = {Springer},
  title = {{LNCS} Homepage},
  howpublished = {\url{http://www.springer.com/lncs}},
  note = {Last accessed 4 Oct 2017}
}
